
@book{karp1972reducibility,
  title={Reducibility among combinatorial problems},
  author={Karp, Richard M},
  year={1972},
  publisher={Springer}
}

@book{downey2012parameterized,
  title={Parameterized complexity},
  author={Downey, Rodney G and Fellows, Michael Ralph},
  year={2012},
  publisher={Springer Science \& Business Media}
}


@inproceedings{khachiian1979polynomial,
  title={Polynomial algorithm in linear programming},
  author={Khachiian, LG},
  booktitle={Akademiia Nauk SSSR, Doklady},
  volume={244},
  pages={1093--1096},
  year={1979}
}

@article{nemhauser1975vertex,
  title={Vertex packings: structural properties and algorithms},
  author={Nemhauser, George L and Trotter Jr, Leslie E},
  journal={Mathematical Programming},
  volume={8},
  number={1},
  pages={232--248},
  year={1975},
  publisher={Springer}
}

@inproceedings{narayanaswamy2012lp,
  title={LP can be a cure for parameterized problems},
  author={Narayanaswamy, NS and Raman, Venkatesh and Ramanujan, MS and Saurabh, Saket},
  booktitle={STACS'12 (29th Symposium on Theoretical Aspects of Computer Science)},
  volume={14},
  pages={338--349},
  year={2012},
  organization={LIPIcs}
}

@article{lokshtanov2014faster,
  title={Faster parameterized algorithms using linear programming},
  author={Lokshtanov, Daniel and Narayanaswamy, NS and Raman, Venkatesh and Ramanujan, MS and Saurabh, Saket},
  journal={ACM Transactions on Algorithms (TALG)},
  volume={11},
  number={2},
  pages={15},
  year={2014},
  publisher={ACM}
}

@inproceedings{iwata2014linear,
  title={Linear-time FPT algorithms via network flow},
  author={Iwata, Yoichi and Oka, Keigo and Yoshida, Yuichi},
  booktitle={Proceedings of the Twenty-Fifth Annual ACM-SIAM Symposium on Discrete Algorithms},
  pages={1749--1761},
  year={2014},
  organization={SIAM}
}

@article{tarjan1972depth,
  title={Depth-first search and linear graph algorithms},
  author={Tarjan, Robert},
  journal={SIAM journal on computing},
  volume={1},
  number={2},
  pages={146--160},
  year={1972},
  publisher={SIAM}
}

@article{sharir1981strong,
  title={A strong-connectivity algorithm and its applications in data flow analysis},
  author={Sharir, Micha},
  journal={Computers \& Mathematics with Applications},
  volume={7},
  number={1},
  pages={67--72},
  year={1981},
  publisher={Elsevier}
}

%最大流算法
@book{ford1962flows,
  title={Flows in networks},
  author={Ford, LR and Fulkerson, Delbert Ray},
  volume={1962},
  year={1962},
  publisher={Princeton Princeton University Press}
}

@book{lovasz2009matching,
  title={Matching theory},
  author={Lov{\'a}sz, L{\'a}szl{\'o} and Plummer, Michael D},
  volume={367},
  year={2009},
  publisher={American Mathematical Soc.}
}

@article{garg2015raising,
  title={Raising The Bar For Vertex Cover: Fixed-parameter Tractability Above A Higher Guarantee},
  author={Garg, Shivam and Philip, Geevarghese},
  journal={arXiv preprint arXiv:1509.03990},
  year={2015}
}

@inproceedings{micali1980v,
  title={An O (v| v| c| E|) algoithm for finding maximum matching in general graphs},
  author={Micali, Silvio and Vazirani, Vijay V},
  booktitle={Foundations of Computer Science, 1980., 21st Annual Symposium on},
  pages={17--27},
  year={1980},
  organization={IEEE}
}

@article{edmonds1965paths,
  title={Paths, trees, and flowers},
  author={Edmonds, Jack},
  journal={Canadian Journal of mathematics},
  volume={17},
  number={3},
  pages={449--467},
  year={1965}
}

@article{gallai1963kritische,
  title={Kritische graphen II},
  author={Gallai, Tibor},
  journal={Magyar Tud. Akad. Mat. Kutat{\'o} Int. K{\"o}zl},
  volume={8},
  pages={373--395},
  year={1963}
}

@article{gallai1964maximale,
  title={Maximale Systeme unabh{\"a}ngiger kanten},
  author={Gallai, Tibor},
  journal={Magyar Tud. Akad. Mat. Kutat{\'o} Int. K{\"o}zl},
  volume={9},
  number={9},
  pages={401--413},
  year={1964}
}

%FVS相关成果
@article{bodlaender1994disjoint,
  title={On disjoint cycles},
  author={Bodlaender, Hans L},
  journal={International Journal of Foundations of Computer Science},
  volume={5},
  number={01},
  pages={59--68},
  year={1994},
  publisher={World Scientific}
}

@book{downey1992fixed,
  title={Fixed-parameter tractability and completeness},
  author={Downey, Rod G and Fellows, Michael R},
  year={1992},
  publisher={Cornell University, Mathematical Sciences Institute}
}


@article{raman2006faster,
  title={Faster fixed parameter tractable algorithms for finding feedback vertex sets},
  author={Raman, Venkatesh and Saurabh, Saket and Subramanian, CR},
  journal={ACM Transactions on Algorithms (TALG)},
  volume={2},
  number={3},
  pages={403--415},
  year={2006},
  publisher={ACM}
}

@incollection{kanj2004parameterized,
  title={Parameterized algorithms for feedback vertex set},
  author={Kanj, Iyad and Pelsmajer, Michael and Schaefer, Marcus},
  booktitle={Parameterized and Exact Computation},
  pages={235--247},
  year={2004},
  publisher={Springer}
}

@article{dehne20072o,
  title={An O (2O (k) n3) FPT algorithm for the undirected feedback vertex set problem},
  author={Dehne, Frank and Fellows, Michael and Langston, Michael and Rosamond, Frances and Stevens, Kim},
  journal={Theory of Computing Systems},
  volume={41},
  number={3},
  pages={479--492},
  year={2007},
  publisher={Springer}
}

@article{guo2006compression,
  title={Compression-based fixed-parameter algorithms for feedback vertex set and edge bipartization},
  author={Guo, Jiong and Gramm, Jens and H{\"u}ffner, Falk and Niedermeier, Rolf and Wernicke, Sebastian},
  journal={Journal of Computer and System Sciences},
  volume={72},
  number={8},
  pages={1386--1396},
  year={2006},
  publisher={Elsevier}
}

@article{chen2008improved,
  title={Improved algorithms for feedback vertex set problems},
  author={Chen, Jianer and Fomin, Fedor V and Liu, Yang and Lu, Songjian and Villanger, Yngve},
  journal={Journal of Computer and System Sciences},
  volume={74},
  number={7},
  pages={1188--1198},
  year={2008},
  publisher={Elsevier}
}

@incollection{cao2010feedback,
  title={On feedback vertex set new measure and new structures},
  author={Cao, Yixin and Chen, Jianer and Liu, Yang},
  booktitle={Algorithm Theory-SWAT 2010},
  pages={93--104},
  year={2010},
  publisher={Springer}
}

@inproceedings{cygan2011solving,
  title={Solving connectivity problems parameterized by treewidth in single exponential time},
  author={Cygan, Marek and Nederlof, Jesper and Pilipczuk, Marcin and Pilipczuk, Micha{\l} and van Rooij, Joham MM and Wojtaszczyk, Jakub Onufry},
  booktitle={Foundations of Computer Science (FOCS), 2011 IEEE 52nd Annual Symposium on},
  pages={150--159},
  year={2011},
  organization={IEEE}
}

@article{kociumaka2014faster,
  title={Faster deterministic feedback vertex set},
  author={Kociumaka, Tomasz and Pilipczuk, Marcin},
  journal={Information Processing Letters},
  volume={114},
  number={10},
  pages={556--560},
  year={2014},
  publisher={Elsevier}
}
